<?xml version="1.0" encoding="UTF-8"?><collection xmlns="http://www.loc.gov/MARC21/slim"><record><leader>00330nam--2200133-i-4500</leader><controlfield tag="001">000029844</controlfield><controlfield tag="002">20161230</controlfield><controlfield tag="005">20161230201037</controlfield><controlfield tag="008">060222s1000------------r-----000-0-eng-d</controlfield><datafield ind1=" " ind2=" " tag="080"><subfield code="a">54(021)</subfield></datafield><datafield ind1=" " ind2=" " tag="245"><subfield code="a">Manualul chimistului</subfield></datafield><datafield ind1=" " ind2=" " tag="260"><subfield code="a">Bucuresti, Editura Tehnica (Agir), 1948. 1165-2447p</subfield></datafield><datafield ind1=" " ind2=" " tag="700"><subfield code="a">Lakner,  Carol</subfield></datafield><datafield ind1=" " ind2=" " tag="852"><subfield code="a">4012</subfield></datafield></record></collection>